<record xmlns="http://www.loc.gov/MARC21/slim" xmlns:xsi="http://www.w3.org/2001/XMLSchema-instance" xsi:schemaLocation="http://www.loc.gov/MARC21/slim http://www.loc.gov/standards/marcxml/schema/MARC21slim.xsd">

  <leader>01342nab a22001937a 4500</leader>
  <controlfield tag="003">cru INIE</controlfield>
  <controlfield tag="005">20160302122207.0</controlfield>
  <controlfield tag="008">150520b1997    cr f|||| |||| 00| 0 spa d</controlfield>
  <datafield tag="090" ind1=" " ind2=" ">
    <subfield code="a">REVIS 06.02.01</subfield>
  </datafield>
  <datafield ind1="1" tag="100" ind2=" ">
    <subfield code="9">91</subfield>
    <subfield code="a">Sánchez Corrales, Víctor</subfield>
  </datafield>
  <datafield tag="245" ind1="1" ind2="0">
    <subfield code="a">Características generales del vocabulario de los preescolares costarricenses (subregión educativa de San José) /</subfield>
    <subfield code="c">Marielos Murillo Rojas, Víctor Ml Sánchez Corrales</subfield>
  </datafield>
  <datafield ind2=" " tag="260" ind1=" ">
    <subfield code="a">San José, Costa Rica :</subfield>
    <subfield code="b">Editorial Universidad de Costa Rica,</subfield>
    <subfield code="c">1997</subfield>
  </datafield>
  <datafield tag="300" ind1=" " ind2=" ">
    <subfield code="a">páginas 25-32</subfield>
  </datafield>
  <datafield ind2=" " ind1=" " tag="520">
    <subfield code="a">Este trabajo, cuyos datos provienen de 70 niños pertenecientes a 35 centros educativos, públicos y privados, de la Subregión Educativa de San José, Costa Rica, ofrece datos objetivos sobre la competencia léxica de niños preescolares en los siguientes campos: animales, fantasía, casa-familia, alimentos, juegos, juguetes, televisión, paseos, comunidad, amigos y kinder. Todo ellos con el fin de que sea de provecho para la planificación lingüistica en preescolar y primer ciclo de educación básica costarricense.</subfield>
  </datafield>
  <datafield ind2="4" tag="650" ind1="1">
    <subfield code="9">1</subfield>
    <subfield code="a">EDUCACIÓN</subfield>
  </datafield>
  <datafield tag="700" ind1=" " ind2=" ">
    <subfield code="9">90</subfield>
    <subfield code="a">Murillo Rojas, Marielos</subfield>
  </datafield>
  <datafield tag="773" ind1="0" ind2=" ">
    <subfield code="d">San José, Costa Rica : Editorial de la Universidad de Costa Rica, 1997-</subfield>
    <subfield code="o">R0019</subfield>
    <subfield code="t">EDUCACIÓN: Revista de la Universidad de Costa Rica</subfield>
    <subfield code="g">Vol.21, no.2 (1997)</subfield>
  </datafield>
  <datafield tag="942" ind1=" " ind2=" ">
    <subfield code="2">z</subfield>
    <subfield code="c">10</subfield>
  </datafield>
  <datafield ind2=" " tag="999" ind1=" ">
    <subfield code="c">2578</subfield>
    <subfield code="d">2578</subfield>
  </datafield>
</record>